@article{chen-et-al2008,
  title={Adjusted empirical likelihood and its properties},
  author={Chen, Jiahua and Variyath, Asokan Mulayath and Abraham, Bovas},
  journal={Journal of Computational and Graphical Statistics},
  volume={17},
  number={2},
  pages={426--443},
  year={2008},
  publisher={Taylor \& Francis}
}