@article{chen-et-al08,
  title={Adjusted empirical likelihood and its properties},
  author={Chen, Jiahua and Variyath, Asokan Mulayath and Abraham, Bovas},
  journal={Journal of Computational and Graphical Statistics},
  volume={17},
  number={2},
  pages={426--443},
  year={2008},
  publisher={Taylor \& Francis}
}

@mastersthesis{huang18,
  title={Empirical Likelihood Quantile Regression for Right-Censored Data},
  author={Huang, Shimeng},
  year={2018},
  school={University of Waterloo}
}

@article{koenker-bassett78,
  title={Regression quantiles},
  author={Koenker, Roger and Bassett Jr, Gilbert},
  journal={Econometrica: journal of the Econometric Society},
  pages={33--50},
  year={1978},
  publisher={JSTOR}
}

@article{chaudhuri-et-al2017,
  title={Hamiltonian Monte Carlo sampling in Bayesian empirical likelihood computation},
  author={Chaudhuri, Sanjay and Mondal, Debashis and Yin, Teng},
  journal={Journal of the Royal Statistical Society: Series B (Statistical Methodology)},
  volume={79},
  number={1},
  pages={293--320},
  year={2017},
  publisher={Wiley Online Library}
}