@article{qin-lawless1994,
  title={Empirical likelihood and general estimating equations},
  author={Qin, Jin and Lawless, Jerry},
  journal={The Annals of Statistics},
  pages={300--325},
  year={1994},
  publisher={JSTOR}
}

@article{thomas-grunkemeier1975,
  title={Confidence interval estimation of survival probabilities for censored data},
  author={Thomas, David R and Grunkemeier, Gary L},
  journal={Journal of the American Statistical Association},
  volume={70},
  number={352},
  pages={865--871},
  year={1975},
  publisher={Taylor \& Francis}
}

@article{owen1988,
  title={Empirical likelihood ratio confidence intervals for a single functional},
  author={Owen, Art},
  journal={Biometrika},
  volume={75},
  number={2},
  pages={237--249},
  year={1988},
  publisher={Oxford University Press}
}

@article{owen1990,
  title={Empirical likelihood ratio confidence regions},
  author={Owen, Art},
  journal={The Annals of Statistics},
  pages={90--120},
  year={1990},
  publisher={JSTOR}
}

@article{owen1991,
  title={Empirical likelihood for linear models},
  author={Owen, Art},
  journal={The Annals of Statistics},
  pages={1725--1747},
  year={1991},
  publisher={JSTOR}
}
